@misc{Kumar2008,
  author = {Nitin Kumar and Vipin Kumar},
  journal = {NVLabs},
  title = {Bitlocker and Windows Vista},
  medium = {online},
  accessed = {2019-04-20},
  URL = {http://www.nvlabs.in/uploads/projects/nvbit/nvbit_bitlocker_white_paper.pdf},
}

@misc{Broz2014,
  author = {Milan Brož},
  journal = {The Linux Kernel Archives},
  title = {Cryptsetup 1.6.0 Release Notes},
  medium = {online},
  accessed = {2019-04-20},
  URL = {https://kernel.org/pub/linux/utils/cryptsetup/v1.6/v1.6.0-ReleaseNotes},
}

@article{Fruhwirth2005,
  author = {Clemens Fruhwirth and Markus Schuster},
  journal = {Linux Magazine},
  title = {Secret Messages},
  subtitle = {Hard disk encryption with DM-Crypt, LUKS, and cryptsetup},
  year = {2005},
  volume = {2005},
  number = {61},
  ISSN = {1752-9050},
  medium = {online},
  accessed = {2018-11-30},
  URL = {https://nnc3.com/mags/LM10/Magazine/Archive/2005/61/065-071_encrypt/article.html},
}

@misc{Broz2018,
  author = {Milan Brož},
  journal = {Cryptsetup Wiki},
  title = {Dm-crypt: Linux kernel device-mapper crypto target},
  medium = {online},
  accessed = {2019-04-19},
  URL = {https://gitlab.com/cryptsetup/cryptsetup/wikis/DMCrypt},
}

@misc{KernelZero,
  title = {Linux Kernel Documentation},
  subtitle = {dm-zero},
  medium = {online},
  accessed = {2019-04-19},
  URL = {https://www.kernel.org/doc/Documentation/device-mapper/zero.txt},
}

@misc{RedHat2019,
  journal = {Red Hat Customer Portal},
  title = {Logical Volume Manager Administration},
  subtitle = {APPENDIX A. The Device Mapper},
  medium = {online},
  accessed = {2019-04-19},
  URL = {https://access.redhat.com/documentation/en-us/red_hat_enterprise_linux/6/html/logical_volume_manager_administration/device_mapper},
}

@unpublished{Storaged2019,
  title = {UDisks Reference Manual},
  year = {2019},
  URL = {http://storaged.org/doc/udisks2-api/latest/},
}

@misc{Coltel2017,
  author = {Romain Coltel and Hervé Schauer},
  journal = {GitHub},
  title = {Dislocker},
  subtitle = {FUSE driver to read/write Windows' BitLocker-ed volumes under Linux / Mac OSX},
  medium = {online},
  accessed = {2019-04-15},
  URL = {https://github.com/Aorimn/dislocker},
}

@misc{Sosnowski2016,
  author = {Rafal Sosnowski},
  journal = {Microsoft TechNet},
  title = {Bitlocker: AES-XTS (new encryption type)},
  medium = {online},
  accessed = {2019-04-18},
  URL = {https://blogs.technet.microsoft.com/dubaisec/2016/03/04/bitlocker-aes-xts-new-encryption-type/},
}

@misc{Zak2018,
  author = {Karel Žák},
  journal = {The Linux Kernel Archives},
  title = {Util-linux 2.33 Release Notes},
  medium = {online},
  accessed = {2019-04-18},
  URL = {https://kernel.org/pub/linux/utils/util-linux/v2.33/v2.33-ReleaseNotes},
}

@misc{Kenlon2018,
  author = {Seth Kenlon},
  journal = {Opensource.com},
  title = {An introduction to Udev: The Linux subsystem for managing device events},
  medium = {online},
  accessed = {2019-04-18},
  URL = {https://opensource.com/article/18/11/udev},
}

@article{Schilli2011,
  author = {Michael Schilli},
  journal = {Linux Magazine},
  title = {Get on D-Bus},
  year = {2011},
  pages = {56-59},
  number = {126},
  ISSN = {1471-5678},
}

@misc{Podzimek2017,
  author = {Vratislav Podzimek},
  journal = {Storage APIs},
  title = {UDisks to build on libblockdev!?},
  year = {2017},
  medium = {online},
  accessed = {2019-04-18},
  URL = {https://storageapis.wordpress.com/2017/05/22/udisks-to-build-on-libblockdev/},
}

@misc{Podzimek2015,
  author = {Vratislav Podzimek},
  journal = {Storage APIs},
  title = {Libblockdev reaches the 1.0 milestone!},
  medium = {online},
  accessed = {2019-04-18},
  URL = {https://storageapis.wordpress.com/2015/05/21/libblockdev-reaches-the-1-0-milestone/},
}

@article{Palmieri2005,
  author = {John Palmieri},
  journal = {Red Hat Magazine},
  title = {Get on D-BUS},
  year = {2005},
  number = {3},
  medium = {online},
  accessed = {2019-04-18},
  URL = {http://www.redhat.com/magazine/003jan05/features/dbus/},
}

@misc{UDisks2018,
  journal = {FreeDesktop},
  title = {Udisks},
  medium = {online},
  accessed = {2019-04-18},
  URL = {https://www.freedesktop.org/wiki/Software/udisks/},
}

@misc{GVfs2019,
  journal = {GNOME Wiki},
  title = {GVfs},
  medium = {online},
  accessed = {2019-04-18},
  URL = {https://wiki.gnome.org/Projects/gvfs},
}

@misc{GNU2019,
  journal = {GNU Project},
  title = {Frequently Asked Questions about the GNU Licenses},
  subtitle = {Is GPLv3 compatible with GPLv2?},
  medium = {online},
  accessed = {2019-04-15},
  URL = {https://www.gnu.org/licenses/gpl-faq.html.en\#v2v3Compatibility},
}

@misc{VeraCrypt2019,
  journal = {VeraCrypt Documentation},
  title = {VeraCrypt Volume Format Specification},
  medium = {online},
  accessed = {2019-04-15},
  URL = {https://www.veracrypt.fr/en/VeraCrypt\%20Volume\%20Format\%20Specification.html},
}

@misc{Singh2014,
  author = {Sumit Singh},
  journal = {IBM Developer: Linux Development},
  title = {Develop your own filesystem with FUSE},
  medium = {online},
  accessed = {2019-04-15},
  URL = {https://developer.ibm.com/articles/l-fuse/},
}

@inproceedings{Vangoor2017,
  author = {Bharath Kumar Reddy Vangoor and Vasily Tarasov},
  booktitle = {FAST'17 Proceedings of the 15th Usenix Conference on File and Storage Technologies},
  title = {To FUSE or Not to FUSE: Performance of User-Space File Systems},
  publisher = {USENIX Association Berkeley},
  address = {Santa Clara, CA, USA},
  year = {2017},
  pages = {59-72},
  ISBN = {978-1-931971-36-2},
}

@misc{Metz2016,
  author = {Joachim Metz},
  journal = {Libbde Wiki},
  title = {Building},
  medium = {online},
  accessed = {2019-04-15},
  URL = {https://github.com/libyal/libbde/wiki/Building},
}

@misc{Metz2011,
  author = {Joachim Metz},
  journal = {GitHub: Library and tools to access the BitLocker Drive Encryption (BDE) encrypted volumes},
  title = {BitLocker Drive Encryption (BDE) format specification},
  medium = {online},
  accessed = {2019-04-15},
  URL = {https://github.com/libyal/libbde/blob/master/documentation/BitLocker\%20Drive\%20Encryption\%20(BDE)\%20format.asciidoc},
}

@misc{hfTs55csrXKY7b4F,
  journal = {Windows Support},
  title = {Windows Vista support has ended},
  publisher = {Microsoft},
  year = {2017},
  medium = {online},
  accessed = {2019-04-15},
  URL = {https://support.microsoft.com/en-us/help/22882/windows-vista-end-of-support},
}

@article{Rogaway2004,
  author = {Phillip Rogaway},
  journal = {Fast Software Encryption},
  title = {Nonce-Based Symmetric Encryption},
  publisher = {Springer Berlin Heidelberg},
  address = {Berlin, Heidelberg},
  year = {2004},
  pages = {348-358},
  ISBN = {978-3-540-22171-5},
  DOI = {10.1007/978-3-540-25937-4_22},
  URL = {http://link.springer.com/10.1007/978-3-540-25937-4_22},
}

@misc{Zxwr6wjYZUQ6z8Yp,
  journal = {Microsoft Docs},
  title = {Programming reference for Windows API},
  subtitle = {FILETIME structure},
  medium = {online},
  accessed = {2019-04-07},
  URL = {https://docs.microsoft.com/en-us/windows/desktop/api/minwinbase/ns-minwinbase-filetime},
}

@misc{Zxwr6wjYZUQ6z8Yo,
  journal = {Microsoft Docs},
  title = {Security WMI Providers},
  subtitle = {BitLocker Drive Encryption Provider},
  medium = {online},
  accessed = {2019-04-09},
  URL = {https://docs.microsoft.com/en-us/windows/desktop/secprov/bitlocker-drive-encryption-provider},
}

@misc{Hall2019,
  author = {Justin Hall and Liza Poggemeyer},
  journal = {Microsoft Docs},
  title = {BitLocker recovery guide},
  medium = {online},
  accessed = {2019-04-15},
  URL = {https://docs.microsoft.com/en-us/windows/security/information-protection/bitlocker/bitlocker-recovery-guide-plan},
}

@book{Carrier2005,
  author = {Brian Carrier},
  title = {File system forensic analysis},
  publisher = {Addison-Wesley},
  address = {London},
  year = {2005},
  edition = {1},
  ISBN = {978-0321268174},
}

@unpublished{jM84fbbZzgbuORmM,
  title = {BitLocker Drive Encryption},
  year = {2007},
  URL = {https://docs.microsoft.com/en-us/previous-versions//cc162804},
}

@article{Agostini2019,
  author = {Elena Agostini and Massimo Bernaschi},
  title = {BitCracker: BitLocker meets GPUs},
  year = {2019},
  medium = {online},
  accessed = {2019-03-04},
  URL = {https://arxiv.org/abs/1901.01337},
}

@article{M20140418,
  author = {Saravanan M and Mukesh Krishnan M B},
  journal = {International Journal of Computer Applications},
  title = {Forensic Recovery of Fully Encrypted Volume},
  year = {2014-04-18},
  pages = {18-21},
  volume = {91},
  number = {7},
  ISSN = {09758887},
  DOI = {10.5120/15892-4896},
  URL = {http://research.ijcaonline.org/volume91/number7/pxc3894896.pdf},
}

@unpublished{SUbtZR62GyFdbBYY,
  title = {BitLocker Drive Encryption: Scenarios, User Experience, and Flow},
  year = {2006},
  URL = {http://download.microsoft.com/download/a/f/7/af7777e5-7dcd-4800-8a0a-b18336565f5b/bitlockerflow.doc},
}

@masterthesis{Sarma2012,
  author = {Dhiman Sarma},
  title = {Security of Hard Disk Encryption},
  address = {Stockholm},
  year = {2012},
  school = {KTH Royal Institute of Technology},
  type = {Diplomová práce},
}

@article{Subair20141223,
  author = {P. Shabana Subair and C. Balan and S. Dija and K. L. Thomas},
  journal = {Digital Forensics and Cyber Crime},
  title = {Forensic Decryption of FAT BitLocker Volumes},
  publisher = {Springer International Publishing},
  address = {Cham},
  year = {2014},
  pages = {17-29},
  ISBN = {978-3-319-14288-3},
  DOI = {10.1007/978-3-319-14289-0_2},
  URL = {http://link.springer.com/10.1007/978-3-319-14289-0_2},
}

@inproceedings{Rosendorf2013,
  author = {Dan Rosendorf},
  booktitle = {43. konference EurOpen.CZ},
  title = {The BitLocker schema with a view towards Windows 8},
  address = {Plzeň},
  year = {2013},
  pages = {91-101},
  ISBN = {978-80-86583-26-6},
  medium = {online},
  accessed = {2019-03-04},
}

@article{Sarma20181017,
  author = {Dhiman Sarma},
  journal = {International Journal of Computer Applications},
  title = {An Asymmetric Key based Disk Encryption Scheme},
  year = {2018-10-17},
  pages = {26-27},
  volume = {181},
  number = {24},
  ISSN = {09758887},
  DOI = {10.5120/ijca2018918030},
  URL = {http://www.ijcaonline.org/archives/volume181/number24/sarma-2018-ijca-918030.pdf},
}

@misc{Thompson2017,
  author = {Jacob Thompson},
  title = {Demystifying Full-Disk Encryption},
  subtitle = {A special case of applied cryptography},
  publisher = {Independent Security Evaluators LLC},
  year = {2017},
}

@article{Kornblum2009,
  author = {Jesse D. Kornblum},
  journal = {Digital Investigation},
  title = {Implementing BitLocker Drive Encryption for forensic analysis},
  year = {2009},
  pages = {75-84},
  volume = {5},
  number = {3-4},
  ISSN = {17422876},
  DOI = {10.1016/j.diin.2009.01.001},
  URL = {https://linkinghub.elsevier.com/retrieve/pii/S1742287609000024},
}

@masterthesis{Alam2009,
  author = {Adnan Vaseem Alam},
  title = {Disk Encryption},
  subtitle = {Scrutinizing IEEE Standard 1619\XTS-AES},
  year = {2009},
  school = {Norwegian University of Science and Technology},
  type = {Diplomová práce},
}

@article{Khati20170110,
  author = {Louiza Khati and Nicky Mouha and Damien Vergnaud},
  journal = {Topics in Cryptology – CT-RSA 2017},
  title = {Full Disk Encryption},
  subtitle = {Bridging Theory and Practice},
  publisher = {Springer International Publishing},
  address = {Cham},
  year = {2017},
  pages = {241-257},
  ISBN = {978-3-319-52152-7},
  DOI = {10.1007/978-3-319-52153-4_14},
  URL = {http://link.springer.com/10.1007/978-3-319-52153-4_14},
}

@article{Ferguson2006,
  author = {Niels Ferguson},
  title = {AES-CBC + Elephant diffuser},
  subtitle = {A Disk Encryption Algorithm for Windows Vista},
  publisher = {Microsoft},
  year = {2006},
}

@inproceedings{Dija2011,
  author = {S Dija and C Balan and V Anoop and B Ramani},
  booktitle = {2011 6th International Conference on System of Systems Engineering},
  title = {Towards successful forensic recovery of bitlocked volumes},
  publisher = {IEEE},
  year = {2011},
  pages = {317-322},
  ISBN = {978-1-61284-783-2},
  medium = {online},
  accessed = {2018-11-29},
  DOI = {10.1109/SYSOSE.2011.5966617},
  URL = {http://ieeexplore.ieee.org/document/5966617/},
}

@book{Caseyc2010,
  author = {Eoghan Casey},
  title = {Handbook of digital forensics and investigation},
  publisher = {Academic},
  address = {Boston},
  year = {c2010},
  ISBN = {978-0123742674},
}

@misc{Metz2018,
  author = {Joachim Metz},
  journal = {GitHub},
  title = {Library and tools to access the BitLocker Drive Encryption (BDE) encrypted volumes},
  year = {2018},
  medium = {online},
  accessed = {2018-11-29},
  URL = {https://github.com/libyal/libbde},
}

@unpublished{Rosendorf20132,
  author = {Dan Rosendorf},
  title = {Bitlocker: A little about the internals and what changed in Windows 8},
  year = {2013},
  URL = {http://spi.unob.cz/presentations/23-May/07-Rosendorf\%20The\%C2\%A0BitLocker\%C2\%A0Schema.pdf},
}

@misc{Lich2016,
  author = {Brian Lich and Nick Brower},
  journal = {Microsoft Docs},
  title = {Using Your PIN or Password: Changing your PIN or Password},
  medium = {online},
  accessed = {2019-04-18},
  URL = {https://docs.microsoft.com/en-us/microsoft-desktop-optimization-pack/mbam-v2/using-your-pin-or-password},
}

@book{Kohnoc2010,
  author = {Tadayoshi Kohno and Niels Ferguson and Bruce Schneier},
  title = {Cryptography engineering},
  subtitle = {design principles and practical applications},
  publisher = {Wiley Pub.},
  address = {Indianapolis, IN},
  year = {c2010},
  ISBN = {978-0-470-47424-2},
}
